% This file was created with JabRef 2.9.2.
% Encoding: Cp1252

@ARTICLE{Zunino2011,
  author = {Juan Manuel Rodriguez and Alejandro Zunino},
  title = {M. C. Introducing mobile devices into Grid systems: a survey},
  journal = {International Journal of Web and Grid Services 2011},
  year = {2011},
  volume = {7},
  pages = {1 - 40},
  owner = {TinaSil},
  timestamp = {2017.02.15}
}

@ARTICLE{Petritsch2016,
  author = {Helmut Petritsch},
  title = {Service-Oriented Architecture (SOA) vs. Component Based Architecture},
  journal = {International Journal of Web and Grid Services 2011},
  year = {2016},
  owner = {TinaSil},
  timestamp = {2017.02.15}
}

@BOOK{Addison2003,
  title = {Software Architecture in Practice. 2nd edn},
  publisher = {Addison-Wesley Professional},
  year = {2003},
  author = {Len Bass, Paul C. Clements, Rick Kazman},
  address = {Boston, USA},
  isbn = {0321154959},
  owner = {TinaSil},
  timestamp = {2017.02.15}
}

@ARTICLE{Ghahramani2004,
  author = {Zoubin Ghahramani},
  title = {Unsupervised Learning},
  year = {2004},
  owner = {TinaSil},
  timestamp = {2017.02.15}
}

@BOOK{Silverman1986,
  title = {Density Estimation for statistics and data analysis},
  year = {1986},
  author = {B.W. Silverman},
  isbn = {0412246201},
  owner = {TinaSil},
  timestamp = {2017.02.15}
}

@BOOK{Mitchell1997,
  title = {Machine Learning},
  publisher = {McGraw-Hill Science/Engineering/Math},
  year = {1997},
  author = {Tom M. Mitchell},
  address = {Boston, USA},
  isbn = {0070428077},
  owner = {TinaSil},
  timestamp = {2017.02.15}
}

@CONFERENCE{Rosenberg2009,
  author = {Florian Rosenberg and Predrag Celikovic},
  title = {An End-to-End Approach for QoS-Aware Service Composition},
  booktitle = {17th IEEE International Enterprise Distributed Object Computing Conference},
  year = {2009},
  owner = {TinaSil},
  timestamp = {2013.10.02}
}
 
@ARTICLE{Erickson2009,
  author = {John Erickson and Keng Siau},
  title = {Web Service, Service-Oriented Computing, and Service-Oriented Architecture: Separating hype from reality},
  journal = {Journal of Database Management},
  year = {2009},
  pages = {151 - 160},
  owner = {TinaSil},
  timestamp = {2017.02.15}
}

@ARTICLE{Crnkovic2011,
  author = {Crnkovic I, Larsson M and Preiss O},
  title = {Concerning predictability in dependable component-based systems: Classification of quality attributes.},
  journal = {IEEE Transactions on Software Engineering},
  volume = {37},
  year = {2011},
  pages = {593 - 615},
  owner = {TinaSil},
  timestamp = {2017.02.15}
}

@ARTICLE{Sanchez2015,
  author = {Sanchez L. E., Diaz-Pace J. A. and Zunino, A.},
  title = {An approach based on feature models and quality criteria for adapting component-based systems},
  journal = {Software Eng. R and D},
  volume = {3},
  pages = {10},
  owner = {TinaSil},
  timestamp = {2013.02.15}
}

@ARTICLE{Hutter2014,
  author = {Frank Hutter, Lin Xu, Holger H. Hoos and Kevin Leyton-Brown},
  title = {Algorithm runtime prediction: Methods and evaluation},
  journal = {Artificial Intelligence},
  year = {2014},
  volume = {206},
  pages = {79-111},
  owner = {TinaSil},
  timestamp = {2013.02.15}
}

@ARTICLE{Zheng2013,
  author = {Z. Zheng, H. Ma, M. R. Lyu and I. King},
  title = {Collaborative Web Service QoS Prediction via Neighborhood Integrated Matrix Factorization},
  journal = {IEEE Transactions on Services Computing},
  year = {2013},
  volume = {6},
  pages = {289-299},
  owner = {TinaSil},
  timestamp = {2013.02.15}
}

@Article{Hall+FHPRW:2009,
  author = "Hall, Mark and Frank, Eibe and Holmes, Geoffrey and Pfahringer, Bernhard and Reutemann, Peter and Witten, Ian H.",
  title =        "The {WEKA} Data Mining Software: An Update",
  journal =      "{SIGKDD} Explorations",
  year =         "2009",
  volume =    "11",
  number =    "1",
  pages =     "10--18",
  url = "http://www.sigkdd.org/explorations/issues/11-1-2009-07/p2V11n1.pdf",
  bib2html_rescat = "Humanoids",
}

@BOOK{Mitchell1997,
  title = {Software Architect in Practice. Third Edition},
  publisher = {McGraw-Hill Science/Engineering/Math},
  year = {1997},
  author = {Len Bass, Paul Clements and Rick Kazman},
  isbn = {0070428077},
  owner = {TinaSil},
  timestamp = {2013.02.15},
}